@book{bertsekas1995dynamic,
  title={Dynamic programming and optimal control},
  author={Bertsekas, Dimitri P},
  volume={1},
  number={2},
  year={1995},
  publisher={Athena scientific Belmont, MA}
}

@book{Bertsekas:2007:DPO:1396348,
 author = {Bertsekas, Dimitri P.},
 title = {Dynamic Programming and Optimal Control, Vol. II},
 year = {2007},
 edition = {3rd},
 publisher = {Athena Scientific},
}

@book{MultiLinInterp,
 author = {Dahlquist, G., and Bjorck, A.},
 title = {Numerical Methods},
 year = {1974},
 edition = {1st},
 publisher = {Prentice-Hall},
} 

@article{thounthong2009energy,
  title={Energy management of fuel cell/battery/supercapacitor hybrid power source for vehicle applications},
  author={Thounthong, Phatiphat and Rael, Stephane and Davat, Bernard},
  journal={Journal of Power Sources},
  volume={193},
  number={1},
  pages={376--385},
  year={2009},
  publisher={Elsevier}
}

@article{su2013modeling,
  title={Modeling and analysis of the role of energy storage for renewable integration: Power balancing},
  author={Su, Han-I and El Gamal, Abbas},
  journal={IEEE Transactions on Power Systems},
  volume={28},
  number={4},
  pages={4109--4117},
  year={2013},
  publisher={IEEE}
}

@article{bambang2014energy,
  title={Energy management of fuel cell/battery/supercapacitor hybrid power sources using model predictive control},
  author={Bambang, Riyanto Trilaksono and Rohman, Arief Syaichu and Dronkers, Cees Jan and Ortega, Romeo and Sasongko, Arif and others},
  journal={IEEE Transactions on Industrial Informatics},
  volume={10},
  number={4},
  pages={1992--2002},
  year={2014},
  publisher={IEEE}
}


@article{bordin2017linear,
  title={A linear programming approach for battery degradation analysis and optimization in offgrid power systems with solar energy integration},
  author={Bordin, Chiara and Anuta, Harold Oghenetejiri and Crossland, Andrew and Gutierrez, Isabel Lascurain and Dent, Chris J and Vigo, Daniele},
  journal={Renewable Energy},
  volume={101},
  pages={417--430},
  year={2017},
  publisher={Elsevier}
}

@article{ru2013storage,
  title={Storage size determination for grid-connected photovoltaic systems},
  author={Ru, Yu and Kleissl, Jan and Martinez, Sonia},
  journal={IEEE Transactions on Sustainable Energy},
  volume={4},
  number={1},
  pages={68--81},
  year={2013},
  publisher={IEEE}
}

@ARTICLE{8449100, 
    author={Y. Shi and B. Xu and Y. Tan and D. Kirschen and B. Zhang}, 
    journal={IEEE Transactions on Automatic Control}, 
    title={Optimal Battery Control Under Cycle Aging Mechanisms in Pay for Performance Settings}, 
    year={2018}, 
    volume={}, 
    number={}, 
    pages={1-1}, 
    keywords={Batteries;Degradation;Frequency control;Aging;Power systems;Optimization}, 
    doi={10.1109/TAC.2018.2867507}, 
    ISSN={0018-9286}, 
    month={}
}

@INPROCEEDINGS{4220813, 
author={T. Wang and M. Bowling and D. Schuurmans}, 
booktitle={Proceedings of the IEEE International Symposium on Approximate Dynamic Programming and Reinforcement Learning}, 
title={Dual Representations for Dynamic Programming and Reinforcement Learning}, 
year={2007}, 
volume={}, 
number={}, 
pages={44-51}, 
month={April},}

@inbook {MDPs,
title = {Discounted Markov Decision Problems},
author = {Puterman, Martin L.},
publisher = {John Wiley & Sons, Inc.},
pages = {142--276},
keywords = {Markov decision problems, value iteration, reward functions, transition probabilities, bounded rewards},
booktitle = {Markov Decision Processes},
year = {2008},
}

@INPROCEEDINGS{6183284, 
author={R. Wang and S. M. Lukic}, 
booktitle={Proceedings of the IEEE International Electric Vehicle Conference}, 
title={Dynamic programming technique in hybrid electric vehicle optimization}, 
year={2012}, 
volume={}, 
number={}, 
pages={1-8}, 
month={March}}



@article{doi:10.1287/moor.1110.0516,
author = {Yinyu Ye},
title = {The Simplex and Policy-Iteration Methods Are Strongly Polynomial for the Markov Decision Problem with a Fixed Discount Rate},
journal = {Mathematics of Operations Research},
volume = {36},
number = {4},
pages = {593--603},
year = {2011},
}


@book{bazaraa2010linear,
  title={Linear Programming and Network Flows},
  author={Bazaraa, M.S. and Jarvis, J.J. and Sherali, H.D.},
  year={2010},
  publisher={Wiley}
}

@INPROCEEDINGS{7939849, 
author={R. Abdelhedi and A. C. Ammari and A. Sari and A. Lahyani and P. Venet}, 
booktitle={Proceedings of the 7th International Conference on Sciences of Electronics, Technologies of Information and Telecommunications (SETIT)}, 
title={Optimal power sharing between batteries and supercapacitors in Electric vehicles}, 
year={2016}, 
volume={}, 
number={}, 
pages={97-103}, 
month={Dec}}

@INPROCEEDINGS{8330176, 
author={H. Marefat and M. Jalalmaab and N. L. Azad}, 
booktitle={Proceedings of the SICE International Symposium on Control Systems (SICE ISCS)}, 
title={Energy management of battery electric vehicles hybridized with supercapacitor using stochastic dynamic programming}, 
year={2018}, 
volume={}, 
number={}, 
pages={199-205}, 
month={March}}

@INPROCEEDINGS{6254368, 
author={J. Rurgladdapan and K. Uthaichana and B. Kaewkham-ai}, 
booktitle={Proceedings of the 9th International Conference on Electrical Engineering/Electronics, Computer, Telecommunications and Information Technology}, 
title={Li-Ion battery sizing and dynamic programming for optimal power-split control in a hybrid electric vehicle}, 
year={2012}, 
volume={}, 
number={}, 
pages={1-5}, 
month={May}}

@ARTICLE{8315074, 
author={B. Liu and L. Li and X. Wang and S. Cheng}, 
journal={IEEE Transactions on Vehicular Technology}, 
title={Hybrid Electric Vehicle Downshifting Strategy based on Stochastic Dynamic Programming during Regenerative Braking Process}, 
year={2018}, 
volume={}, 
number={}, 
pages={1-1}, 
month={March}}


@article{deFarias:2003:LPA:970869.970918,
 author = {de Farias, D. P. and Van Roy, B.},
 title = {The Linear Programming Approach to Approximate Dynamic Programming},
 journal = {Oper. Res.},
 issue_date = {November 2003},
 volume = {51},
 number = {6},
 month = nov,
 year = {2003},
 publisher = {INFORMS}
} 

@book{Bellman1962,
  author = {Bellman, R. and Dreyfus, S.},
  publisher = {Princeton University Press},
  title = {Applied Dynamic Programming},
  year = 1962
  
}


@Book{Bellman:1957,
  author =       "Bellman, Richard",
  title =        "Dynamic Programming",
  publisher =    "Princeton University Press",
  year =         "1957"
}

@phdthesis{PatrascuReluEugen2004,
    author={Patrascu, Relu-Eugen},
    title={Linear Approximations For Factored Markov Decision Processes},
    year={2004},
    publisher="UWSpace",
    url={http://hdl.handle.net/10012/1171}
}

@INPROCEEDINGS{5717627, 
author={S. Darbha and K. Krishnamoorthy and M. Pachter and P. Chandler}, 
booktitle={Proceedings of the 49th IEEE Conference on Decision and Control (CDC)}, 
title={State aggregation based linear programming approach to approximate dynamic programming}, 
year={2010}, 
volume={}, 
number={},  
month={Dec}}

@INPROCEEDINGS{478953, 
author={D. P. Bertsekas and J. N. Tsitsiklis}, 
booktitle={Proceedings of the 34th IEEE Conference on Decision and Control}, 
title={Neuro-dynamic programming: an overview}, 
year={1995}, 
volume={1}, 
number={}, 
month={Dec},}


@article{PCA2015,
  title={Value function approximation via low-rank models},
  author={Ong, H.Y.},
  journal={Corr},
  year={2015}
}


@INPROCEEDINGS{BattSupercapEff, 
author={V. Musolino and E. Tironi and P. di Milano}, 
booktitle={Electrical Systems for Aircraft, Railway and Ship Propulsion}, 
title={A comparison of supercapacitor and high-power lithium batteries}, 
year={2010}, 
volume={}, 
number={}, 
pages={1-6}, 
month={Oct}
}